%YAML 1.1
%TAG !u! tag:unity3d.com,2011:
--- !u!29 &1
OcclusionCullingSettings:
  m_ObjectHideFlags: 0
  serializedVersion: 2
  m_OcclusionBakeSettings:
    smallestOccluder: 5
    smallestHole: 0.25
    backfaceThreshold: 100
  m_SceneGUID: 00000000000000000000000000000000
  m_OcclusionCullingData: {fileID: 0}
--- !u!104 &2
RenderSettings:
  m_ObjectHideFlags: 0
  serializedVersion: 9
  m_Fog: 0
  m_FogColor: {r: 0.5, g: 0.5, b: 0.5, a: 1}
  m_FogMode: 3
  m_FogDensity: 0.01
  m_LinearFogStart: 0
  m_LinearFogEnd: 300
  m_AmbientSkyColor: {r: 0.212, g: 0.227, b: 0.259, a: 1}
  m_AmbientEquatorColor: {r: 0.114, g: 0.125, b: 0.133, a: 1}
  m_AmbientGroundColor: {r: 0.047, g: 0.043, b: 0.035, a: 1}
  m_AmbientIntensity: 1
  m_AmbientMode: 3
  m_SubtractiveShadowColor: {r: 0.42, g: 0.478, b: 0.627, a: 1}
  m_SkyboxMaterial: {fileID: 0}
  m_HaloStrength: 0.5
  m_FlareStrength: 1
  m_FlareFadeSpeed: 3
  m_HaloTexture: {fileID: 0}
  m_SpotCookie: {fileID: 10001, guid: 0000000000000000e000000000000000, type: 0}
  m_DefaultReflectionMode: 0
  m_DefaultReflectionResolution: 128
  m_ReflectionBounces: 1
  m_ReflectionIntensity: 1
  m_CustomReflection: {fileID: 0}
  m_Sun: {fileID: 0}
  m_IndirectSpecularColor: {r: 0, g: 0, b: 0, a: 1}
  m_UseRadianceAmbientProbe: 0
--- !u!157 &3
LightmapSettings:
  m_ObjectHideFlags: 0
  serializedVersion: 12
  m_GIWorkflowMode: 1
  m_GISettings:
    serializedVersion: 2
    m_BounceScale: 1
    m_IndirectOutputScale: 1
    m_AlbedoBoost: 1
    m_EnvironmentLightingMode: 0
    m_EnableBakedLightmaps: 0
    m_EnableRealtimeLightmaps: 0
  m_LightmapEditorSettings:
    serializedVersion: 12
    m_Resolution: 2
    m_BakeResolution: 40
    m_AtlasSize: 1024
    m_AO: 0
    m_AOMaxDistance: 1
    m_CompAOExponent: 1
    m_CompAOExponentDirect: 0
    m_ExtractAmbientOcclusion: 0
    m_Padding: 2
    m_LightmapParameters: {fileID: 0}
    m_LightmapsBakeMode: 1
    m_TextureCompression: 1
    m_FinalGather: 0
    m_FinalGatherFiltering: 1
    m_FinalGatherRayCount: 256
    m_ReflectionCompression: 2
    m_MixedBakeMode: 2
    m_BakeBackend: 1
    m_PVRSampling: 1
    m_PVRDirectSampleCount: 32
    m_PVRSampleCount: 512
    m_PVRBounces: 2
    m_PVREnvironmentSampleCount: 256
    m_PVREnvironmentReferencePointCount: 2048
    m_PVRFilteringMode: 1
    m_PVRDenoiserTypeDirect: 1
    m_PVRDenoiserTypeIndirect: 1
    m_PVRDenoiserTypeAO: 1
    m_PVRFilterTypeDirect: 0
    m_PVRFilterTypeIndirect: 0
    m_PVRFilterTypeAO: 0
    m_PVREnvironmentMIS: 1
    m_PVRCulling: 1
    m_PVRFilteringGaussRadiusDirect: 1
    m_PVRFilteringGaussRadiusIndirect: 5
    m_PVRFilteringGaussRadiusAO: 2
    m_PVRFilteringAtrousPositionSigmaDirect: 0.5
    m_PVRFilteringAtrousPositionSigmaIndirect: 2
    m_PVRFilteringAtrousPositionSigmaAO: 1
    m_ExportTrainingData: 0
    m_TrainingDataDestination: TrainingData
    m_LightProbeSampleCountMultiplier: 4
  m_LightingDataAsset: {fileID: 0}
  m_LightingSettings: {fileID: 0}
--- !u!196 &4
NavMeshSettings:
  serializedVersion: 2
  m_ObjectHideFlags: 0
  m_BuildSettings:
    serializedVersion: 2
    agentTypeID: 0
    agentRadius: 0.5
    agentHeight: 2
    agentSlope: 45
    agentClimb: 0.4
    ledgeDropHeight: 0
    maxJumpAcrossDistance: 0
    minRegionArea: 2
    manualCellSize: 0
    cellSize: 0.16666667
    manualTileSize: 0
    tileSize: 256
    accuratePlacement: 0
    maxJobWorkers: 0
    preserveTilesOutsideBounds: 0
    debug:
      m_Flags: 0
  m_NavMeshData: {fileID: 0}
--- !u!1001 &1558619
PrefabInstance:
  m_ObjectHideFlags: 0
  serializedVersion: 2
  m_Modification:
    m_TransformParent: {fileID: 1628007609}
    m_Modifications:
    - target: {fileID: 1618316797055161521, guid: c7f565823c9561a4cab6a80993b7ebd2, type: 3}
      propertyPath: m_RootOrder
      value: 2
      objectReference: {fileID: 0}
    - target: {fileID: 1618316797055161521, guid: c7f565823c9561a4cab6a80993b7ebd2, type: 3}
      propertyPath: m_LocalPosition.x
      value: -3.06
      objectReference: {fileID: 0}
    - target: {fileID: 1618316797055161521, guid: c7f565823c9561a4cab6a80993b7ebd2, type: 3}
      propertyPath: m_LocalPosition.y
      value: -1.69
      objectReference: {fileID: 0}
    - target: {fileID: 1618316797055161521, guid: c7f565823c9561a4cab6a80993b7ebd2, type: 3}
      propertyPath: m_LocalPosition.z
      value: -0.5263342
      objectReference: {fileID: 0}
    - target: {fileID: 1618316797055161521, guid: c7f565823c9561a4cab6a80993b7ebd2, type: 3}
      propertyPath: m_LocalRotation.w
      value: 1
      objectReference: {fileID: 0}
    - target: {fileID: 1618316797055161521, guid: c7f565823c9561a4cab6a80993b7ebd2, type: 3}
      propertyPath: m_LocalRotation.x
      value: -0
      objectReference: {fileID: 0}
    - target: {fileID: 1618316797055161521, guid: c7f565823c9561a4cab6a80993b7ebd2, type: 3}
      propertyPath: m_LocalRotation.y
      value: -0
      objectReference: {fileID: 0}
    - target: {fileID: 1618316797055161521, guid: c7f565823c9561a4cab6a80993b7ebd2, type: 3}
      propertyPath: m_LocalRotation.z
      value: -0
      objectReference: {fileID: 0}
    - target: {fileID: 1618316797055161521, guid: c7f565823c9561a4cab6a80993b7ebd2, type: 3}
      propertyPath: m_LocalEulerAnglesHint.x
      value: 0
      objectReference: {fileID: 0}
    - target: {fileID: 1618316797055161521, guid: c7f565823c9561a4cab6a80993b7ebd2, type: 3}
      propertyPath: m_LocalEulerAnglesHint.y
      value: 0
      objectReference: {fileID: 0}
    - target: {fileID: 1618316797055161521, guid: c7f565823c9561a4cab6a80993b7ebd2, type: 3}
      propertyPath: m_LocalEulerAnglesHint.z
      value: 0
      objectReference: {fileID: 0}
    - target: {fileID: 3979296753084084493, guid: c7f565823c9561a4cab6a80993b7ebd2, type: 3}
      propertyPath: m_Name
      value: coin (2)
      objectReference: {fileID: 0}
    m_RemovedComponents: []
  m_SourcePrefab: {fileID: 100100000, guid: c7f565823c9561a4cab6a80993b7ebd2, type: 3}
--- !u!1001 &5160096
PrefabInstance:
  m_ObjectHideFlags: 0
  serializedVersion: 2
  m_Modification:
    m_TransformParent: {fileID: 0}
    m_Modifications:
    - target: {fileID: 2315051291582170392, guid: bfce8d1bca7f7874e99f7fc5751de345, type: 3}
      propertyPath: m_Name
      value: "\u043F\u043B\u0430\u0442\u0444\u043E\u0440\u043C\u0430_\u0437\u043B\u0430\u0442\u0430"
      objectReference: {fileID: 0}
    - target: {fileID: 6858521242325222904, guid: bfce8d1bca7f7874e99f7fc5751de345, type: 3}
      propertyPath: m_RootOrder
      value: 14
      objectReference: {fileID: 0}
    - target: {fileID: 6858521242325222904, guid: bfce8d1bca7f7874e99f7fc5751de345, type: 3}
      propertyPath: m_LocalPosition.x
      value: -0.9
      objectReference: {fileID: 0}
    - target: {fileID: 6858521242325222904, guid: bfce8d1bca7f7874e99f7fc5751de345, type: 3}
      propertyPath: m_LocalPosition.y
      value: -2.71
      objectReference: {fileID: 0}
    - target: {fileID: 6858521242325222904, guid: bfce8d1bca7f7874e99f7fc5751de345, type: 3}
      propertyPath: m_LocalPosition.z
      value: 9.9395275
      objectReference: {fileID: 0}
    - target: {fileID: 6858521242325222904, guid: bfce8d1bca7f7874e99f7fc5751de345, type: 3}
      propertyPath: m_LocalRotation.w
      value: 1
      objectReference: {fileID: 0}
    - target: {fileID: 6858521242325222904, guid: bfce8d1bca7f7874e99f7fc5751de345, type: 3}
      propertyPath: m_LocalRotation.x
      value: -0
      objectReference: {fileID: 0}
    - target: {fileID: 6858521242325222904, guid: bfce8d1bca7f7874e99f7fc5751de345, type: 3}
      propertyPath: m_LocalRotation.y
      value: -0
      objectReference: {fileID: 0}
    - target: {fileID: 6858521242325222904, guid: bfce8d1bca7f7874e99f7fc5751de345, type: 3}
      propertyPath: m_LocalRotation.z
      value: -0
      objectReference: {fileID: 0}
    - target: {fileID: 6858521242325222904, guid: bfce8d1bca7f7874e99f7fc5751de345, type: 3}
      propertyPath: m_LocalEulerAnglesHint.x
      value: 0
      objectReference: {fileID: 0}
    - target: {fileID: 6858521242325222904, guid: bfce8d1bca7f7874e99f7fc5751de345, type: 3}
      propertyPath: m_LocalEulerAnglesHint.y
      value: 0
      objectReference: {fileID: 0}
    - target: {fileID: 6858521242325222904, guid: bfce8d1bca7f7874e99f7fc5751de345, type: 3}
      propertyPath: m_LocalEulerAnglesHint.z
      value: 0
      objectReference: {fileID: 0}
    m_RemovedComponents: []
  m_SourcePrefab: {fileID: 100100000, guid: bfce8d1bca7f7874e99f7fc5751de345, type: 3}
--- !u!1001 &157334930
PrefabInstance:
  m_ObjectHideFlags: 0
  serializedVersion: 2
  m_Modification:
    m_TransformParent: {fileID: 0}
    m_Modifications:
    - target: {fileID: 2315051291582170392, guid: bfce8d1bca7f7874e99f7fc5751de345, type: 3}
      propertyPath: m_Name
      value: "\u043F\u043B\u0430\u0442\u0444\u043E\u0440\u043C\u0430_\u0437\u043B\u0430\u0442\u0430
        (2)"
      objectReference: {fileID: 0}
    - target: {fileID: 6858521242325222904, guid: bfce8d1bca7f7874e99f7fc5751de345, type: 3}
      propertyPath: m_RootOrder
      value: 12
      objectReference: {fileID: 0}
    - target: {fileID: 6858521242325222904, guid: bfce8d1bca7f7874e99f7fc5751de345, type: 3}
      propertyPath: m_LocalPosition.x
      value: -4.14
      objectReference: {fileID: 0}
    - target: {fileID: 6858521242325222904, guid: bfce8d1bca7f7874e99f7fc5751de345, type: 3}
      propertyPath: m_LocalPosition.y
      value: 1.54
      objectReference: {fileID: 0}
    - target: {fileID: 6858521242325222904, guid: bfce8d1bca7f7874e99f7fc5751de345, type: 3}
      propertyPath: m_LocalPosition.z
      value: 9.9395275
      objectReference: {fileID: 0}
    - target: {fileID: 6858521242325222904, guid: bfce8d1bca7f7874e99f7fc5751de345, type: 3}
      propertyPath: m_LocalRotation.w
      value: 1
      objectReference: {fileID: 0}
    - target: {fileID: 6858521242325222904, guid: bfce8d1bca7f7874e99f7fc5751de345, type: 3}
      propertyPath: m_LocalRotation.x
      value: -0
      objectReference: {fileID: 0}
    - target: {fileID: 6858521242325222904, guid: bfce8d1bca7f7874e99f7fc5751de345, type: 3}
      propertyPath: m_LocalRotation.y
      value: -0
      objectReference: {fileID: 0}
    - target: {fileID: 6858521242325222904, guid: bfce8d1bca7f7874e99f7fc5751de345, type: 3}
      propertyPath: m_LocalRotation.z
      value: -0
      objectReference: {fileID: 0}
    - target: {fileID: 6858521242325222904, guid: bfce8d1bca7f7874e99f7fc5751de345, type: 3}
      propertyPath: m_LocalEulerAnglesHint.x
      value: 0
      objectReference: {fileID: 0}
    - target: {fileID: 6858521242325222904, guid: bfce8d1bca7f7874e99f7fc5751de345, type: 3}
      propertyPath: m_LocalEulerAnglesHint.y
      value: 0
      objectReference: {fileID: 0}
    - target: {fileID: 6858521242325222904, guid: bfce8d1bca7f7874e99f7fc5751de345, type: 3}
      propertyPath: m_LocalEulerAnglesHint.z
      value: 0
      objectReference: {fileID: 0}
    m_RemovedComponents: []
  m_SourcePrefab: {fileID: 100100000, guid: bfce8d1bca7f7874e99f7fc5751de345, type: 3}
--- !u!1 &183475269
GameObject:
  m_ObjectHideFlags: 0
  m_CorrespondingSourceObject: {fileID: 0}
  m_PrefabInstance: {fileID: 0}
  m_PrefabAsset: {fileID: 0}
  serializedVersion: 6
  m_Component:
  - component: {fileID: 183475272}
  - component: {fileID: 183475271}
  - component: {fileID: 183475270}
  m_Layer: 0
  m_Name: images
  m_TagString: Untagged
  m_Icon: {fileID: 0}
  m_NavMeshLayer: 0
  m_StaticEditorFlags: 0
  m_IsActive: 1
--- !u!61 &183475270
BoxCollider2D:
  m_ObjectHideFlags: 0
  m_CorrespondingSourceObject: {fileID: 0}
  m_PrefabInstance: {fileID: 0}
  m_PrefabAsset: {fileID: 0}
  m_GameObject: {fileID: 183475269}
  m_Enabled: 1
  m_Density: 1
  m_Material: {fileID: 0}
  m_IsTrigger: 0
  m_UsedByEffector: 0
  m_UsedByComposite: 0
  m_Offset: {x: 0, y: 0}
  m_SpriteTilingProperty:
    border: {x: 0, y: 0, z: 0, w: 0}
    pivot: {x: 0.5, y: 0.5}
    oldSize: {x: 2.28, y: 2.21}
    newSize: {x: 2.28, y: 2.21}
    adaptiveTilingThreshold: 0.5
    drawMode: 0
    adaptiveTiling: 0
  m_AutoTiling: 0
  serializedVersion: 2
  m_Size: {x: 2.28, y: 2.21}
  m_EdgeRadius: 0
--- !u!212 &183475271
SpriteRenderer:
  m_ObjectHideFlags: 0
  m_CorrespondingSourceObject: {fileID: 0}
  m_PrefabInstance: {fileID: 0}
  m_PrefabAsset: {fileID: 0}
  m_GameObject: {fileID: 183475269}
  m_Enabled: 1
  m_CastShadows: 0
  m_ReceiveShadows: 0
  m_DynamicOccludee: 1
  m_StaticShadowCaster: 0
  m_MotionVectors: 1
  m_LightProbeUsage: 1
  m_ReflectionProbeUsage: 1
  m_RayTracingMode: 0
  m_RayTraceProcedural: 0
  m_RenderingLayerMask: 1
  m_RendererPriority: 0
  m_Materials:
  - {fileID: 10754, guid: 0000000000000000f000000000000000, type: 0}
  m_StaticBatchInfo:
    firstSubMesh: 0
    subMeshCount: 0
  m_StaticBatchRoot: {fileID: 0}
  m_ProbeAnchor: {fileID: 0}
  m_LightProbeVolumeOverride: {fileID: 0}
  m_ScaleInLightmap: 1
  m_ReceiveGI: 1
  m_PreserveUVs: 0
  m_IgnoreNormalsForChartDetection: 0
  m_ImportantGI: 0
  m_StitchLightmapSeams: 1
  m_SelectedEditorRenderState: 0
  m_MinimumChartSize: 4
  m_AutoUVMaxDistance: 0.5
  m_AutoUVMaxAngle: 89
  m_LightmapParameters: {fileID: 0}
  m_SortingLayerID: 0
  m_SortingLayer: 0
  m_SortingOrder: 0
  m_Sprite: {fileID: 21300000, guid: 37809f355a6df0f45aad178a8775a10e, type: 3}
  m_Color: {r: 1, g: 1, b: 1, a: 1}
  m_FlipX: 0
  m_FlipY: 0
  m_DrawMode: 0
  m_Size: {x: 2.28, y: 2.21}
  m_AdaptiveModeThreshold: 0.5
  m_SpriteTileMode: 0
  m_WasSpriteAssigned: 1
  m_MaskInteraction: 0
  m_SpriteSortPoint: 0
--- !u!4 &183475272
Transform:
  m_ObjectHideFlags: 0
  m_CorrespondingSourceObject: {fileID: 0}
  m_PrefabInstance: {fileID: 0}
  m_PrefabAsset: {fileID: 0}
  m_GameObject: {fileID: 183475269}
  m_LocalRotation: {x: 0, y: 0, z: 0, w: 1}
  m_LocalPosition: {x: 1.23, y: 0.91, z: 0}
  m_LocalScale: {x: 0.41483808, y: 0.32684466, z: 1}
  m_ConstrainProportionsScale: 0
  m_Children: []
  m_Father: {fileID: 0}
  m_RootOrder: 16
  m_LocalEulerAnglesHint: {x: 0, y: 0, z: 0}
--- !u!1001 &204513738
PrefabInstance:
  m_ObjectHideFlags: 0
  serializedVersion: 2
  m_Modification:
    m_TransformParent: {fileID: 1628007609}
    m_Modifications:
    - target: {fileID: 1618316797055161521, guid: c7f565823c9561a4cab6a80993b7ebd2, type: 3}
      propertyPath: m_RootOrder
      value: 4
      objectReference: {fileID: 0}
    - target: {fileID: 1618316797055161521, guid: c7f565823c9561a4cab6a80993b7ebd2, type: 3}
      propertyPath: m_LocalPosition.x
      value: 5.39
      objectReference: {fileID: 0}
    - target: {fileID: 1618316797055161521, guid: c7f565823c9561a4cab6a80993b7ebd2, type: 3}
      propertyPath: m_LocalPosition.y
      value: -2.28
      objectReference: {fileID: 0}
    - target: {fileID: 1618316797055161521, guid: c7f565823c9561a4cab6a80993b7ebd2, type: 3}
      propertyPath: m_LocalPosition.z
      value: -0.5263342
      objectReference: {fileID: 0}
    - target: {fileID: 1618316797055161521, guid: c7f565823c9561a4cab6a80993b7ebd2, type: 3}
      propertyPath: m_LocalRotation.w
      value: 1
      objectReference: {fileID: 0}
    - target: {fileID: 1618316797055161521, guid: c7f565823c9561a4cab6a80993b7ebd2, type: 3}
      propertyPath: m_LocalRotation.x
      value: -0
      objectReference: {fileID: 0}
    - target: {fileID: 1618316797055161521, guid: c7f565823c9561a4cab6a80993b7ebd2, type: 3}
      propertyPath: m_LocalRotation.y
      value: -0
      objectReference: {fileID: 0}
    - target: {fileID: 1618316797055161521, guid: c7f565823c9561a4cab6a80993b7ebd2, type: 3}
      propertyPath: m_LocalRotation.z
      value: -0
      objectReference: {fileID: 0}
    - target: {fileID: 1618316797055161521, guid: c7f565823c9561a4cab6a80993b7ebd2, type: 3}
      propertyPath: m_LocalEulerAnglesHint.x
      value: 0
      objectReference: {fileID: 0}
    - target: {fileID: 1618316797055161521, guid: c7f565823c9561a4cab6a80993b7ebd2, type: 3}
      propertyPath: m_LocalEulerAnglesHint.y
      value: 0
      objectReference: {fileID: 0}
    - target: {fileID: 1618316797055161521, guid: c7f565823c9561a4cab6a80993b7ebd2, type: 3}
      propertyPath: m_LocalEulerAnglesHint.z
      value: 0
      objectReference: {fileID: 0}
    - target: {fileID: 3979296753084084493, guid: c7f565823c9561a4cab6a80993b7ebd2, type: 3}
      propertyPath: m_Name
      value: coin (4)
      objectReference: {fileID: 0}
    m_RemovedComponents: []
  m_SourcePrefab: {fileID: 100100000, guid: c7f565823c9561a4cab6a80993b7ebd2, type: 3}
--- !u!1 &285784494 stripped
GameObject:
  m_CorrespondingSourceObject: {fileID: 3979296753084084493, guid: c7f565823c9561a4cab6a80993b7ebd2, type: 3}
  m_PrefabInstance: {fileID: 204513738}
  m_PrefabAsset: {fileID: 0}
--- !u!4 &285784495 stripped
Transform:
  m_CorrespondingSourceObject: {fileID: 1618316797055161521, guid: c7f565823c9561a4cab6a80993b7ebd2, type: 3}
  m_PrefabInstance: {fileID: 204513738}
  m_PrefabAsset: {fileID: 0}
--- !u!114 &285784496
MonoBehaviour:
  m_ObjectHideFlags: 0
  m_CorrespondingSourceObject: {fileID: 0}
  m_PrefabInstance: {fileID: 0}
  m_PrefabAsset: {fileID: 0}
  m_GameObject: {fileID: 285784494}
  m_Enabled: 1
  m_EditorHideFlags: 0
  m_Script: {fileID: 11500000, guid: f7322f75240775d4fa3a15d6daca32d3, type: 3}
  m_Name: 
  m_EditorClassIdentifier: 
  playerLayer: Player
--- !u!1001 &310804008
PrefabInstance:
  m_ObjectHideFlags: 0
  serializedVersion: 2
  m_Modification:
    m_TransformParent: {fileID: 0}
    m_Modifications:
    - target: {fileID: 2315051291582170392, guid: bfce8d1bca7f7874e99f7fc5751de345, type: 3}
      propertyPath: m_Name
      value: "\u043F\u043B\u0430\u0442\u0444\u043E\u0440\u043C\u0430_\u0437\u043B\u0430\u0442\u0430
        (3)"
      objectReference: {fileID: 0}
    - target: {fileID: 6858521242325222904, guid: bfce8d1bca7f7874e99f7fc5751de345, type: 3}
      propertyPath: m_RootOrder
      value: 11
      objectReference: {fileID: 0}
    - target: {fileID: 6858521242325222904, guid: bfce8d1bca7f7874e99f7fc5751de345, type: 3}
      propertyPath: m_LocalPosition.x
      value: -1.3088446
      objectReference: {fileID: 0}
    - target: {fileID: 6858521242325222904, guid: bfce8d1bca7f7874e99f7fc5751de345, type: 3}
      propertyPath: m_LocalPosition.y
      value: 0.92119193
      objectReference: {fileID: 0}
    - target: {fileID: 6858521242325222904, guid: bfce8d1bca7f7874e99f7fc5751de345, type: 3}
      propertyPath: m_LocalPosition.z
      value: 9.9395275
      objectReference: {fileID: 0}
    - target: {fileID: 6858521242325222904, guid: bfce8d1bca7f7874e99f7fc5751de345, type: 3}
      propertyPath: m_LocalRotation.w
      value: 1
      objectReference: {fileID: 0}
    - target: {fileID: 6858521242325222904, guid: bfce8d1bca7f7874e99f7fc5751de345, type: 3}
      propertyPath: m_LocalRotation.x
      value: -0
      objectReference: {fileID: 0}
    - target: {fileID: 6858521242325222904, guid: bfce8d1bca7f7874e99f7fc5751de345, type: 3}
      propertyPath: m_LocalRotation.y
      value: -0
      objectReference: {fileID: 0}
    - target: {fileID: 6858521242325222904, guid: bfce8d1bca7f7874e99f7fc5751de345, type: 3}
      propertyPath: m_LocalRotation.z
      value: -0
      objectReference: {fileID: 0}
    - target: {fileID: 6858521242325222904, guid: bfce8d1bca7f7874e99f7fc5751de345, type: 3}
      propertyPath: m_LocalEulerAnglesHint.x
      value: 0
      objectReference: {fileID: 0}
    - target: {fileID: 6858521242325222904, guid: bfce8d1bca7f7874e99f7fc5751de345, type: 3}
      propertyPath: m_LocalEulerAnglesHint.y
      value: 0
      objectReference: {fileID: 0}
    - target: {fileID: 6858521242325222904, guid: bfce8d1bca7f7874e99f7fc5751de345, type: 3}
      propertyPath: m_LocalEulerAnglesHint.z
      value: 0
      objectReference: {fileID: 0}
    m_RemovedComponents: []
  m_SourcePrefab: {fileID: 100100000, guid: bfce8d1bca7f7874e99f7fc5751de345, type: 3}
--- !u!1 &418543984 stripped
GameObject:
  m_CorrespondingSourceObject: {fileID: 3979296753084084493, guid: c7f565823c9561a4cab6a80993b7ebd2, type: 3}
  m_PrefabInstance: {fileID: 1748942468}
  m_PrefabAsset: {fileID: 0}
--- !u!4 &418543985 stripped
Transform:
  m_CorrespondingSourceObject: {fileID: 1618316797055161521, guid: c7f565823c9561a4cab6a80993b7ebd2, type: 3}
  m_PrefabInstance: {fileID: 1748942468}
  m_PrefabAsset: {fileID: 0}
--- !u!114 &418543986
MonoBehaviour:
  m_ObjectHideFlags: 0
  m_CorrespondingSourceObject: {fileID: 0}
  m_PrefabInstance: {fileID: 0}
  m_PrefabAsset: {fileID: 0}
  m_GameObject: {fileID: 418543984}
  m_Enabled: 1
  m_EditorHideFlags: 0
  m_Script: {fileID: 11500000, guid: f7322f75240775d4fa3a15d6daca32d3, type: 3}
  m_Name: 
  m_EditorClassIdentifier: 
  playerLayer: Player
--- !u!1 &803466948 stripped
GameObject:
  m_CorrespondingSourceObject: {fileID: 3979296753084084493, guid: c7f565823c9561a4cab6a80993b7ebd2, type: 3}
  m_PrefabInstance: {fileID: 1584775311}
  m_PrefabAsset: {fileID: 0}
--- !u!4 &803466949 stripped
Transform:
  m_CorrespondingSourceObject: {fileID: 1618316797055161521, guid: c7f565823c9561a4cab6a80993b7ebd2, type: 3}
  m_PrefabInstance: {fileID: 1584775311}
  m_PrefabAsset: {fileID: 0}
--- !u!114 &803466950
MonoBehaviour:
  m_ObjectHideFlags: 0
  m_CorrespondingSourceObject: {fileID: 0}
  m_PrefabInstance: {fileID: 0}
  m_PrefabAsset: {fileID: 0}
  m_GameObject: {fileID: 803466948}
  m_Enabled: 1
  m_EditorHideFlags: 0
  m_Script: {fileID: 11500000, guid: f7322f75240775d4fa3a15d6daca32d3, type: 3}
  m_Name: 
  m_EditorClassIdentifier: 
  playerLayer: Player
--- !u!1 &842317602 stripped
GameObject:
  m_CorrespondingSourceObject: {fileID: 3979296753084084493, guid: c7f565823c9561a4cab6a80993b7ebd2, type: 3}
  m_PrefabInstance: {fileID: 1558619}
  m_PrefabAsset: {fileID: 0}
--- !u!4 &842317603 stripped
Transform:
  m_CorrespondingSourceObject: {fileID: 1618316797055161521, guid: c7f565823c9561a4cab6a80993b7ebd2, type: 3}
  m_PrefabInstance: {fileID: 1558619}
  m_PrefabAsset: {fileID: 0}
--- !u!114 &842317604
MonoBehaviour:
  m_ObjectHideFlags: 0
  m_CorrespondingSourceObject: {fileID: 0}
  m_PrefabInstance: {fileID: 0}
  m_PrefabAsset: {fileID: 0}
  m_GameObject: {fileID: 842317602}
  m_Enabled: 1
  m_EditorHideFlags: 0
  m_Script: {fileID: 11500000, guid: f7322f75240775d4fa3a15d6daca32d3, type: 3}
  m_Name: 
  m_EditorClassIdentifier: 
  playerLayer: Player
--- !u!1001 &1019541289
PrefabInstance:
  m_ObjectHideFlags: 0
  serializedVersion: 2
  m_Modification:
    m_TransformParent: {fileID: 0}
    m_Modifications:
    - target: {fileID: 1513977287143107393, guid: ad169ce2a99e7bb439224038272e2716, type: 3}
      propertyPath: m_RootOrder
      value: 15
      objectReference: {fileID: 0}
    - target: {fileID: 1513977287143107393, guid: ad169ce2a99e7bb439224038272e2716, type: 3}
      propertyPath: m_LocalPosition.x
      value: 8.15
      objectReference: {fileID: 0}
    - target: {fileID: 1513977287143107393, guid: ad169ce2a99e7bb439224038272e2716, type: 3}
      propertyPath: m_LocalPosition.y
      value: -2.08
      objectReference: {fileID: 0}
    - target: {fileID: 1513977287143107393, guid: ad169ce2a99e7bb439224038272e2716, type: 3}
      propertyPath: m_LocalPosition.z
      value: 0
      objectReference: {fileID: 0}
    - target: {fileID: 1513977287143107393, guid: ad169ce2a99e7bb439224038272e2716, type: 3}
      propertyPath: m_LocalRotation.w
      value: 1
      objectReference: {fileID: 0}
    - target: {fileID: 1513977287143107393, guid: ad169ce2a99e7bb439224038272e2716, type: 3}
      propertyPath: m_LocalRotation.x
      value: 0
      objectReference: {fileID: 0}
    - target: {fileID: 1513977287143107393, guid: ad169ce2a99e7bb439224038272e2716, type: 3}
      propertyPath: m_LocalRotation.y
      value: 0
      objectReference: {fileID: 0}
    - target: {fileID: 1513977287143107393, guid: ad169ce2a99e7bb439224038272e2716, type: 3}
      propertyPath: m_LocalRotation.z
      value: 0
      objectReference: {fileID: 0}
    - target: {fileID: 1513977287143107393, guid: ad169ce2a99e7bb439224038272e2716, type: 3}
      propertyPath: m_LocalEulerAnglesHint.x
      value: 0
      objectReference: {fileID: 0}
    - target: {fileID: 1513977287143107393, guid: ad169ce2a99e7bb439224038272e2716, type: 3}
      propertyPath: m_LocalEulerAnglesHint.y
      value: 0
      objectReference: {fileID: 0}
    - target: {fileID: 1513977287143107393, guid: ad169ce2a99e7bb439224038272e2716, type: 3}
      propertyPath: m_LocalEulerAnglesHint.z
      value: 0
      objectReference: {fileID: 0}
    - target: {fileID: 1513977287143107398, guid: ad169ce2a99e7bb439224038272e2716, type: 3}
      propertyPath: m_Name
      value: Portal
      objectReference: {fileID: 0}
    m_RemovedComponents: []
  m_SourcePrefab: {fileID: 100100000, guid: ad169ce2a99e7bb439224038272e2716, type: 3}
--- !u!1 &1182148901 stripped
GameObject:
  m_CorrespondingSourceObject: {fileID: 3979296753084084493, guid: c7f565823c9561a4cab6a80993b7ebd2, type: 3}
  m_PrefabInstance: {fileID: 951990919719135913}
  m_PrefabAsset: {fileID: 0}
--- !u!114 &1182148902
MonoBehaviour:
  m_ObjectHideFlags: 0
  m_CorrespondingSourceObject: {fileID: 0}
  m_PrefabInstance: {fileID: 0}
  m_PrefabAsset: {fileID: 0}
  m_GameObject: {fileID: 1182148901}
  m_Enabled: 1
  m_EditorHideFlags: 0
  m_Script: {fileID: 11500000, guid: f7322f75240775d4fa3a15d6daca32d3, type: 3}
  m_Name: 
  m_EditorClassIdentifier: 
  playerLayer: Player
--- !u!4 &1182148905 stripped
Transform:
  m_CorrespondingSourceObject: {fileID: 1618316797055161521, guid: c7f565823c9561a4cab6a80993b7ebd2, type: 3}
  m_PrefabInstance: {fileID: 951990919719135913}
  m_PrefabAsset: {fileID: 0}
--- !u!1 &1328536597
GameObject:
  m_ObjectHideFlags: 0
  m_CorrespondingSourceObject: {fileID: 0}
  m_PrefabInstance: {fileID: 0}
  m_PrefabAsset: {fileID: 0}
  serializedVersion: 6
  m_Component:
  - component: {fileID: 1328536599}
  - component: {fileID: 1328536598}
  m_Layer: 0
  m_Name: 11111111111111111111111111111111111
  m_TagString: Untagged
  m_Icon: {fileID: 0}
  m_NavMeshLayer: 0
  m_StaticEditorFlags: 0
  m_IsActive: 1
--- !u!212 &1328536598
SpriteRenderer:
  m_ObjectHideFlags: 0
  m_CorrespondingSourceObject: {fileID: 0}
  m_PrefabInstance: {fileID: 0}
  m_PrefabAsset: {fileID: 0}
  m_GameObject: {fileID: 1328536597}
  m_Enabled: 1
  m_CastShadows: 0
  m_ReceiveShadows: 0
  m_DynamicOccludee: 1
  m_StaticShadowCaster: 0
  m_MotionVectors: 1
  m_LightProbeUsage: 1
  m_ReflectionProbeUsage: 1
  m_RayTracingMode: 0
  m_RayTraceProcedural: 0
  m_RenderingLayerMask: 1
  m_RendererPriority: 0
  m_Materials:
  - {fileID: 10754, guid: 0000000000000000f000000000000000, type: 0}
  m_StaticBatchInfo:
    firstSubMesh: 0
    subMeshCount: 0
  m_StaticBatchRoot: {fileID: 0}
  m_ProbeAnchor: {fileID: 0}
  m_LightProbeVolumeOverride: {fileID: 0}
  m_ScaleInLightmap: 1
  m_ReceiveGI: 1
  m_PreserveUVs: 0
  m_IgnoreNormalsForChartDetection: 0
  m_ImportantGI: 0
  m_StitchLightmapSeams: 1
  m_SelectedEditorRenderState: 0
  m_MinimumChartSize: 4
  m_AutoUVMaxDistance: 0.5
  m_AutoUVMaxAngle: 89
  m_LightmapParameters: {fileID: 0}
  m_SortingLayerID: 0
  m_SortingLayer: 0
  m_SortingOrder: 0
  m_Sprite: {fileID: 21300000, guid: 35e23dee8be69fd429c35e9af712b962, type: 3}
  m_Color: {r: 1, g: 1, b: 1, a: 1}
  m_FlipX: 0
  m_FlipY: 0
  m_DrawMode: 0
  m_Size: {x: 5.62, y: 3.22}
  m_AdaptiveModeThreshold: 0.5
  m_SpriteTileMode: 0
  m_WasSpriteAssigned: 0
  m_MaskInteraction: 0
  m_SpriteSortPoint: 0
--- !u!4 &1328536599
Transform:
  m_ObjectHideFlags: 0
  m_CorrespondingSourceObject: {fileID: 0}
  m_PrefabInstance: {fileID: 0}
  m_PrefabAsset: {fileID: 0}
  m_GameObject: {fileID: 1328536597}
  m_LocalRotation: {x: 0, y: 0, z: 0, w: 1}
  m_LocalPosition: {x: -1.6349, y: -3.3351, z: 0}
  m_LocalScale: {x: 1.9200841, y: 1.7171206, z: 1}
  m_ConstrainProportionsScale: 0
  m_Children: []
  m_Father: {fileID: 0}
  m_RootOrder: 17
  m_LocalEulerAnglesHint: {x: 0, y: 0, z: 0}
--- !u!1001 &1368143558
PrefabInstance:
  m_ObjectHideFlags: 0
  serializedVersion: 2
  m_Modification:
    m_TransformParent: {fileID: 0}
    m_Modifications:
    - target: {fileID: 2315051291582170392, guid: bfce8d1bca7f7874e99f7fc5751de345, type: 3}
      propertyPath: m_Name
      value: "\u043F\u043B\u0430\u0442\u0444\u043E\u0440\u043C\u0430_\u0437\u043B\u0430\u0442\u0430
        (10)"
      objectReference: {fileID: 0}
    - target: {fileID: 6858521242325222904, guid: bfce8d1bca7f7874e99f7fc5751de345, type: 3}
      propertyPath: m_RootOrder
      value: 3
      objectReference: {fileID: 0}
    - target: {fileID: 6858521242325222904, guid: bfce8d1bca7f7874e99f7fc5751de345, type: 3}
      propertyPath: m_LocalPosition.x
      value: -10.61
      objectReference: {fileID: 0}
    - target: {fileID: 6858521242325222904, guid: bfce8d1bca7f7874e99f7fc5751de345, type: 3}
      propertyPath: m_LocalPosition.y
      value: 1.74
      objectReference: {fileID: 0}
    - target: {fileID: 6858521242325222904, guid: bfce8d1bca7f7874e99f7fc5751de345, type: 3}
      propertyPath: m_LocalPosition.z
      value: 9.9395275
      objectReference: {fileID: 0}
    - target: {fileID: 6858521242325222904, guid: bfce8d1bca7f7874e99f7fc5751de345, type: 3}
      propertyPath: m_LocalRotation.w
      value: 1
      objectReference: {fileID: 0}
    - target: {fileID: 6858521242325222904, guid: bfce8d1bca7f7874e99f7fc5751de345, type: 3}
      propertyPath: m_LocalRotation.x
      value: -0
      objectReference: {fileID: 0}
    - target: {fileID: 6858521242325222904, guid: bfce8d1bca7f7874e99f7fc5751de345, type: 3}
      propertyPath: m_LocalRotation.y
      value: -0
      objectReference: {fileID: 0}
    - target: {fileID: 6858521242325222904, guid: bfce8d1bca7f7874e99f7fc5751de345, type: 3}
      propertyPath: m_LocalRotation.z
      value: -0
      objectReference: {fileID: 0}
    - target: {fileID: 6858521242325222904, guid: bfce8d1bca7f7874e99f7fc5751de345, type: 3}
      propertyPath: m_LocalEulerAnglesHint.x
      value: 0
      objectReference: {fileID: 0}
    - target: {fileID: 6858521242325222904, guid: bfce8d1bca7f7874e99f7fc5751de345, type: 3}
      propertyPath: m_LocalEulerAnglesHint.y
      value: 0
      objectReference: {fileID: 0}
    - target: {fileID: 6858521242325222904, guid: bfce8d1bca7f7874e99f7fc5751de345, type: 3}
      propertyPath: m_LocalEulerAnglesHint.z
      value: 0
      objectReference: {fileID: 0}
    m_RemovedComponents: []
  m_SourcePrefab: {fileID: 100100000, guid: bfce8d1bca7f7874e99f7fc5751de345, type: 3}
--- !u!1001 &1435208542
PrefabInstance:
  m_ObjectHideFlags: 0
  serializedVersion: 2
  m_Modification:
    m_TransformParent: {fileID: 0}
    m_Modifications:
    - target: {fileID: 2315051291582170392, guid: bfce8d1bca7f7874e99f7fc5751de345, type: 3}
      propertyPath: m_Name
      value: "\u043F\u043B\u0430\u0442\u0444\u043E\u0440\u043C\u0430_\u0437\u043B\u0430\u0442\u0430
        (5)"
      objectReference: {fileID: 0}
    - target: {fileID: 6858521242325222904, guid: bfce8d1bca7f7874e99f7fc5751de345, type: 3}
      propertyPath: m_RootOrder
      value: 9
      objectReference: {fileID: 0}
    - target: {fileID: 6858521242325222904, guid: bfce8d1bca7f7874e99f7fc5751de345, type: 3}
      propertyPath: m_LocalPosition.x
      value: 3.784039
      objectReference: {fileID: 0}
    - target: {fileID: 6858521242325222904, guid: bfce8d1bca7f7874e99f7fc5751de345, type: 3}
      propertyPath: m_LocalPosition.y
      value: 0.71472365
      objectReference: {fileID: 0}
    - target: {fileID: 6858521242325222904, guid: bfce8d1bca7f7874e99f7fc5751de345, type: 3}
      propertyPath: m_LocalPosition.z
      value: 9.9395275
      objectReference: {fileID: 0}
    - target: {fileID: 6858521242325222904, guid: bfce8d1bca7f7874e99f7fc5751de345, type: 3}
      propertyPath: m_LocalRotation.w
      value: 1
      objectReference: {fileID: 0}
    - target: {fileID: 6858521242325222904, guid: bfce8d1bca7f7874e99f7fc5751de345, type: 3}
      propertyPath: m_LocalRotation.x
      value: -0
      objectReference: {fileID: 0}
    - target: {fileID: 6858521242325222904, guid: bfce8d1bca7f7874e99f7fc5751de345, type: 3}
      propertyPath: m_LocalRotation.y
      value: -0
      objectReference: {fileID: 0}
    - target: {fileID: 6858521242325222904, guid: bfce8d1bca7f7874e99f7fc5751de345, type: 3}
      propertyPath: m_LocalRotation.z
      value: -0
      objectReference: {fileID: 0}
    - target: {fileID: 6858521242325222904, guid: bfce8d1bca7f7874e99f7fc5751de345, type: 3}
      propertyPath: m_LocalEulerAnglesHint.x
      value: 0
      objectReference: {fileID: 0}
    - target: {fileID: 6858521242325222904, guid: bfce8d1bca7f7874e99f7fc5751de345, type: 3}
      propertyPath: m_LocalEulerAnglesHint.y
      value: 0
      objectReference: {fileID: 0}
    - target: {fileID: 6858521242325222904, guid: bfce8d1bca7f7874e99f7fc5751de345, type: 3}
      propertyPath: m_LocalEulerAnglesHint.z
      value: 0
      objectReference: {fileID: 0}
    m_RemovedComponents: []
  m_SourcePrefab: {fileID: 100100000, guid: bfce8d1bca7f7874e99f7fc5751de345, type: 3}
--- !u!1001 &1436685545
PrefabInstance:
  m_ObjectHideFlags: 0
  serializedVersion: 2
  m_Modification:
    m_TransformParent: {fileID: 0}
    m_Modifications:
    - target: {fileID: 2315051291582170392, guid: bfce8d1bca7f7874e99f7fc5751de345, type: 3}
      propertyPath: m_Name
      value: "\u043F\u043B\u0430\u0442\u0444\u043E\u0440\u043C\u0430_\u0437\u043B\u0430\u0442\u0430
        (9)"
      objectReference: {fileID: 0}
    - target: {fileID: 6858521242325222904, guid: bfce8d1bca7f7874e99f7fc5751de345, type: 3}
      propertyPath: m_RootOrder
      value: 5
      objectReference: {fileID: 0}
    - target: {fileID: 6858521242325222904, guid: bfce8d1bca7f7874e99f7fc5751de345, type: 3}
      propertyPath: m_LocalPosition.x
      value: 8.43
      objectReference: {fileID: 0}
    - target: {fileID: 6858521242325222904, guid: bfce8d1bca7f7874e99f7fc5751de345, type: 3}
      propertyPath: m_LocalPosition.y
      value: -4.13
      objectReference: {fileID: 0}
    - target: {fileID: 6858521242325222904, guid: bfce8d1bca7f7874e99f7fc5751de345, type: 3}
      propertyPath: m_LocalPosition.z
      value: 9.9395275
      objectReference: {fileID: 0}
    - target: {fileID: 6858521242325222904, guid: bfce8d1bca7f7874e99f7fc5751de345, type: 3}
      propertyPath: m_LocalRotation.w
      value: 1
      objectReference: {fileID: 0}
    - target: {fileID: 6858521242325222904, guid: bfce8d1bca7f7874e99f7fc5751de345, type: 3}
      propertyPath: m_LocalRotation.x
      value: -0
      objectReference: {fileID: 0}
    - target: {fileID: 6858521242325222904, guid: bfce8d1bca7f7874e99f7fc5751de345, type: 3}
      propertyPath: m_LocalRotation.y
      value: -0
      objectReference: {fileID: 0}
    - target: {fileID: 6858521242325222904, guid: bfce8d1bca7f7874e99f7fc5751de345, type: 3}
      propertyPath: m_LocalRotation.z
      value: -0
      objectReference: {fileID: 0}
    - target: {fileID: 6858521242325222904, guid: bfce8d1bca7f7874e99f7fc5751de345, type: 3}
      propertyPath: m_LocalEulerAnglesHint.x
      value: 0
      objectReference: {fileID: 0}
    - target: {fileID: 6858521242325222904, guid: bfce8d1bca7f7874e99f7fc5751de345, type: 3}
      propertyPath: m_LocalEulerAnglesHint.y
      value: 0
      objectReference: {fileID: 0}
    - target: {fileID: 6858521242325222904, guid: bfce8d1bca7f7874e99f7fc5751de345, type: 3}
      propertyPath: m_LocalEulerAnglesHint.z
      value: 0
      objectReference: {fileID: 0}
    m_RemovedComponents: []
  m_SourcePrefab: {fileID: 100100000, guid: bfce8d1bca7f7874e99f7fc5751de345, type: 3}
--- !u!1001 &1437312941
PrefabInstance:
  m_ObjectHideFlags: 0
  serializedVersion: 2
  m_Modification:
    m_TransformParent: {fileID: 0}
    m_Modifications:
    - target: {fileID: 2893518335106952920, guid: 501ad53a8a9da4d448d50884f13e3d7d, type: 3}
      propertyPath: m_RootOrder
      value: 4
      objectReference: {fileID: 0}
    - target: {fileID: 2893518335106952920, guid: 501ad53a8a9da4d448d50884f13e3d7d, type: 3}
      propertyPath: m_LocalPosition.x
      value: -1.09
      objectReference: {fileID: 0}
    - target: {fileID: 2893518335106952920, guid: 501ad53a8a9da4d448d50884f13e3d7d, type: 3}
      propertyPath: m_LocalPosition.y
      value: -0.94
      objectReference: {fileID: 0}
    - target: {fileID: 2893518335106952920, guid: 501ad53a8a9da4d448d50884f13e3d7d, type: 3}
      propertyPath: m_LocalPosition.z
      value: -0.5
      objectReference: {fileID: 0}
    - target: {fileID: 2893518335106952920, guid: 501ad53a8a9da4d448d50884f13e3d7d, type: 3}
      propertyPath: m_LocalRotation.w
      value: 0.9990732
      objectReference: {fileID: 0}
    - target: {fileID: 2893518335106952920, guid: 501ad53a8a9da4d448d50884f13e3d7d, type: 3}
      propertyPath: m_LocalRotation.x
      value: 0.043043956
      objectReference: {fileID: 0}
    - target: {fileID: 2893518335106952920, guid: 501ad53a8a9da4d448d50884f13e3d7d, type: 3}
      propertyPath: m_LocalRotation.y
      value: 0
      objectReference: {fileID: 0}
    - target: {fileID: 2893518335106952920, guid: 501ad53a8a9da4d448d50884f13e3d7d, type: 3}
      propertyPath: m_LocalRotation.z
      value: 0
      objectReference: {fileID: 0}
    - target: {fileID: 2893518335106952920, guid: 501ad53a8a9da4d448d50884f13e3d7d, type: 3}
      propertyPath: m_LocalEulerAnglesHint.x
      value: 4.934
      objectReference: {fileID: 0}
    - target: {fileID: 2893518335106952920, guid: 501ad53a8a9da4d448d50884f13e3d7d, type: 3}
      propertyPath: m_LocalEulerAnglesHint.y
      value: 0
      objectReference: {fileID: 0}
    - target: {fileID: 2893518335106952920, guid: 501ad53a8a9da4d448d50884f13e3d7d, type: 3}
      propertyPath: m_LocalEulerAnglesHint.z
      value: 0
      objectReference: {fileID: 0}
    - target: {fileID: 2893518335106952927, guid: 501ad53a8a9da4d448d50884f13e3d7d, type: 3}
      propertyPath: m_Name
      value: player
      objectReference: {fileID: 0}
    m_RemovedComponents: []
  m_SourcePrefab: {fileID: 100100000, guid: 501ad53a8a9da4d448d50884f13e3d7d, type: 3}
--- !u!1001 &1493901392
PrefabInstance:
  m_ObjectHideFlags: 0
  serializedVersion: 2
  m_Modification:
    m_TransformParent: {fileID: 0}
    m_Modifications:
    - target: {fileID: 2315051291582170392, guid: bfce8d1bca7f7874e99f7fc5751de345, type: 3}
      propertyPath: m_Name
      value: "\u043F\u043B\u0430\u0442\u0444\u043E\u0440\u043C\u0430_\u0437\u043B\u0430\u0442\u0430
        (6)"
      objectReference: {fileID: 0}
    - target: {fileID: 6858521242325222904, guid: bfce8d1bca7f7874e99f7fc5751de345, type: 3}
      propertyPath: m_RootOrder
      value: 8
      objectReference: {fileID: 0}
    - target: {fileID: 6858521242325222904, guid: bfce8d1bca7f7874e99f7fc5751de345, type: 3}
      propertyPath: m_LocalPosition.x
      value: 4.85
      objectReference: {fileID: 0}
    - target: {fileID: 6858521242325222904, guid: bfce8d1bca7f7874e99f7fc5751de345, type: 3}
      propertyPath: m_LocalPosition.y
      value: -4.14
      objectReference: {fileID: 0}
    - target: {fileID: 6858521242325222904, guid: bfce8d1bca7f7874e99f7fc5751de345, type: 3}
      propertyPath: m_LocalPosition.z
      value: 9.9395275
      objectReference: {fileID: 0}
    - target: {fileID: 6858521242325222904, guid: bfce8d1bca7f7874e99f7fc5751de345, type: 3}
      propertyPath: m_LocalRotation.w
      value: 1
      objectReference: {fileID: 0}
    - target: {fileID: 6858521242325222904, guid: bfce8d1bca7f7874e99f7fc5751de345, type: 3}
      propertyPath: m_LocalRotation.x
      value: -0
      objectReference: {fileID: 0}
    - target: {fileID: 6858521242325222904, guid: bfce8d1bca7f7874e99f7fc5751de345, type: 3}
      propertyPath: m_LocalRotation.y
      value: -0
      objectReference: {fileID: 0}
    - target: {fileID: 6858521242325222904, guid: bfce8d1bca7f7874e99f7fc5751de345, type: 3}
      propertyPath: m_LocalRotation.z
      value: -0
      objectReference: {fileID: 0}
    - target: {fileID: 6858521242325222904, guid: bfce8d1bca7f7874e99f7fc5751de345, type: 3}
      propertyPath: m_LocalEulerAnglesHint.x
      value: 0
      objectReference: {fileID: 0}
    - target: {fileID: 6858521242325222904, guid: bfce8d1bca7f7874e99f7fc5751de345, type: 3}
      propertyPath: m_LocalEulerAnglesHint.y
      value: 0
      objectReference: {fileID: 0}
    - target: {fileID: 6858521242325222904, guid: bfce8d1bca7f7874e99f7fc5751de345, type: 3}
      propertyPath: m_LocalEulerAnglesHint.z
      value: 0
      objectReference: {fileID: 0}
    m_RemovedComponents: []
  m_SourcePrefab: {fileID: 100100000, guid: bfce8d1bca7f7874e99f7fc5751de345, type: 3}
--- !u!1001 &1508160089
PrefabInstance:
  m_ObjectHideFlags: 0
  serializedVersion: 2
  m_Modification:
    m_TransformParent: {fileID: 0}
    m_Modifications:
    - target: {fileID: 2315051291582170392, guid: bfce8d1bca7f7874e99f7fc5751de345, type: 3}
      propertyPath: m_Name
      value: "\u043F\u043B\u0430\u0442\u0444\u043E\u0440\u043C\u0430_\u0437\u043B\u0430\u0442\u0430
        (11)"
      objectReference: {fileID: 0}
    - target: {fileID: 6858521242325222904, guid: bfce8d1bca7f7874e99f7fc5751de345, type: 3}
      propertyPath: m_RootOrder
      value: 2
      objectReference: {fileID: 0}
    - target: {fileID: 6858521242325222904, guid: bfce8d1bca7f7874e99f7fc5751de345, type: 3}
      propertyPath: m_LocalPosition.x
      value: -8.705534
      objectReference: {fileID: 0}
    - target: {fileID: 6858521242325222904, guid: bfce8d1bca7f7874e99f7fc5751de345, type: 3}
      propertyPath: m_LocalPosition.y
      value: 0.07320905
      objectReference: {fileID: 0}
    - target: {fileID: 6858521242325222904, guid: bfce8d1bca7f7874e99f7fc5751de345, type: 3}
      propertyPath: m_LocalPosition.z
      value: 9.9395275
      objectReference: {fileID: 0}
    - target: {fileID: 6858521242325222904, guid: bfce8d1bca7f7874e99f7fc5751de345, type: 3}
      propertyPath: m_LocalRotation.w
      value: 1
      objectReference: {fileID: 0}
    - target: {fileID: 6858521242325222904, guid: bfce8d1bca7f7874e99f7fc5751de345, type: 3}
      propertyPath: m_LocalRotation.x
      value: -0
      objectReference: {fileID: 0}
    - target: {fileID: 6858521242325222904, guid: bfce8d1bca7f7874e99f7fc5751de345, type: 3}
      propertyPath: m_LocalRotation.y
      value: -0
      objectReference: {fileID: 0}
    - target: {fileID: 6858521242325222904, guid: bfce8d1bca7f7874e99f7fc5751de345, type: 3}
      propertyPath: m_LocalRotation.z
      value: -0
      objectReference: {fileID: 0}
    - target: {fileID: 6858521242325222904, guid: bfce8d1bca7f7874e99f7fc5751de345, type: 3}
      propertyPath: m_LocalEulerAnglesHint.x
      value: 0
      objectReference: {fileID: 0}
    - target: {fileID: 6858521242325222904, guid: bfce8d1bca7f7874e99f7fc5751de345, type: 3}
      propertyPath: m_LocalEulerAnglesHint.y
      value: 0
      objectReference: {fileID: 0}
    - target: {fileID: 6858521242325222904, guid: bfce8d1bca7f7874e99f7fc5751de345, type: 3}
      propertyPath: m_LocalEulerAnglesHint.z
      value: 0
      objectReference: {fileID: 0}
    m_RemovedComponents: []
  m_SourcePrefab: {fileID: 100100000, guid: bfce8d1bca7f7874e99f7fc5751de345, type: 3}
--- !u!1001 &1551541571
PrefabInstance:
  m_ObjectHideFlags: 0
  serializedVersion: 2
  m_Modification:
    m_TransformParent: {fileID: 0}
    m_Modifications:
    - target: {fileID: 2315051291582170392, guid: bfce8d1bca7f7874e99f7fc5751de345, type: 3}
      propertyPath: m_Name
      value: "\u043F\u043B\u0430\u0442\u0444\u043E\u0440\u043C\u0430_\u0437\u043B\u0430\u0442\u0430
        (8)"
      objectReference: {fileID: 0}
    - target: {fileID: 6858521242325222904, guid: bfce8d1bca7f7874e99f7fc5751de345, type: 3}
      propertyPath: m_RootOrder
      value: 6
      objectReference: {fileID: 0}
    - target: {fileID: 6858521242325222904, guid: bfce8d1bca7f7874e99f7fc5751de345, type: 3}
      propertyPath: m_LocalPosition.x
      value: 8.22
      objectReference: {fileID: 0}
    - target: {fileID: 6858521242325222904, guid: bfce8d1bca7f7874e99f7fc5751de345, type: 3}
      propertyPath: m_LocalPosition.y
      value: 4.22
      objectReference: {fileID: 0}
    - target: {fileID: 6858521242325222904, guid: bfce8d1bca7f7874e99f7fc5751de345, type: 3}
      propertyPath: m_LocalPosition.z
      value: 9.9395275
      objectReference: {fileID: 0}
    - target: {fileID: 6858521242325222904, guid: bfce8d1bca7f7874e99f7fc5751de345, type: 3}
      propertyPath: m_LocalRotation.w
      value: 1
      objectReference: {fileID: 0}
    - target: {fileID: 6858521242325222904, guid: bfce8d1bca7f7874e99f7fc5751de345, type: 3}
      propertyPath: m_LocalRotation.x
      value: -0
      objectReference: {fileID: 0}
    - target: {fileID: 6858521242325222904, guid: bfce8d1bca7f7874e99f7fc5751de345, type: 3}
      propertyPath: m_LocalRotation.y
      value: -0
      objectReference: {fileID: 0}
    - target: {fileID: 6858521242325222904, guid: bfce8d1bca7f7874e99f7fc5751de345, type: 3}
      propertyPath: m_LocalRotation.z
      value: -0
      objectReference: {fileID: 0}
    - target: {fileID: 6858521242325222904, guid: bfce8d1bca7f7874e99f7fc5751de345, type: 3}
      propertyPath: m_LocalEulerAnglesHint.x
      value: 0
      objectReference: {fileID: 0}
    - target: {fileID: 6858521242325222904, guid: bfce8d1bca7f7874e99f7fc5751de345, type: 3}
      propertyPath: m_LocalEulerAnglesHint.y
      value: 0
      objectReference: {fileID: 0}
    - target: {fileID: 6858521242325222904, guid: bfce8d1bca7f7874e99f7fc5751de345, type: 3}
      propertyPath: m_LocalEulerAnglesHint.z
      value: 0
      objectReference: {fileID: 0}
    m_RemovedComponents: []
  m_SourcePrefab: {fileID: 100100000, guid: bfce8d1bca7f7874e99f7fc5751de345, type: 3}
--- !u!1001 &1584775311
PrefabInstance:
  m_ObjectHideFlags: 0
  serializedVersion: 2
  m_Modification:
    m_TransformParent: {fileID: 1628007609}
    m_Modifications:
    - target: {fileID: 1618316797055161521, guid: c7f565823c9561a4cab6a80993b7ebd2, type: 3}
      propertyPath: m_RootOrder
      value: 3
      objectReference: {fileID: 0}
    - target: {fileID: 1618316797055161521, guid: c7f565823c9561a4cab6a80993b7ebd2, type: 3}
      propertyPath: m_LocalPosition.x
      value: 5
      objectReference: {fileID: 0}
    - target: {fileID: 1618316797055161521, guid: c7f565823c9561a4cab6a80993b7ebd2, type: 3}
      propertyPath: m_LocalPosition.y
      value: 2.35
      objectReference: {fileID: 0}
    - target: {fileID: 1618316797055161521, guid: c7f565823c9561a4cab6a80993b7ebd2, type: 3}
      propertyPath: m_LocalPosition.z
      value: -0.5263342
      objectReference: {fileID: 0}
    - target: {fileID: 1618316797055161521, guid: c7f565823c9561a4cab6a80993b7ebd2, type: 3}
      propertyPath: m_LocalRotation.w
      value: 1
      objectReference: {fileID: 0}
    - target: {fileID: 1618316797055161521, guid: c7f565823c9561a4cab6a80993b7ebd2, type: 3}
      propertyPath: m_LocalRotation.x
      value: -0
      objectReference: {fileID: 0}
    - target: {fileID: 1618316797055161521, guid: c7f565823c9561a4cab6a80993b7ebd2, type: 3}
      propertyPath: m_LocalRotation.y
      value: -0
      objectReference: {fileID: 0}
    - target: {fileID: 1618316797055161521, guid: c7f565823c9561a4cab6a80993b7ebd2, type: 3}
      propertyPath: m_LocalRotation.z
      value: -0
      objectReference: {fileID: 0}
    - target: {fileID: 1618316797055161521, guid: c7f565823c9561a4cab6a80993b7ebd2, type: 3}
      propertyPath: m_LocalEulerAnglesHint.x
      value: 0
      objectReference: {fileID: 0}
    - target: {fileID: 1618316797055161521, guid: c7f565823c9561a4cab6a80993b7ebd2, type: 3}
      propertyPath: m_LocalEulerAnglesHint.y
      value: 0
      objectReference: {fileID: 0}
    - target: {fileID: 1618316797055161521, guid: c7f565823c9561a4cab6a80993b7ebd2, type: 3}
      propertyPath: m_LocalEulerAnglesHint.z
      value: 0
      objectReference: {fileID: 0}
    - target: {fileID: 3979296753084084493, guid: c7f565823c9561a4cab6a80993b7ebd2, type: 3}
      propertyPath: m_Name
      value: coin (3)
      objectReference: {fileID: 0}
    m_RemovedComponents: []
  m_SourcePrefab: {fileID: 100100000, guid: c7f565823c9561a4cab6a80993b7ebd2, type: 3}
--- !u!1 &1628007608
GameObject:
  m_ObjectHideFlags: 0
  m_CorrespondingSourceObject: {fileID: 0}
  m_PrefabInstance: {fileID: 0}
  m_PrefabAsset: {fileID: 0}
  serializedVersion: 6
  m_Component:
  - component: {fileID: 1628007609}
  m_Layer: 0
  m_Name: coin
  m_TagString: Untagged
  m_Icon: {fileID: 0}
  m_NavMeshLayer: 0
  m_StaticEditorFlags: 0
  m_IsActive: 1
--- !u!4 &1628007609
Transform:
  m_ObjectHideFlags: 0
  m_CorrespondingSourceObject: {fileID: 0}
  m_PrefabInstance: {fileID: 0}
  m_PrefabAsset: {fileID: 0}
  m_GameObject: {fileID: 1628007608}
  m_LocalRotation: {x: 0, y: 0, z: 0, w: 1}
  m_LocalPosition: {x: -0.6315402, y: 0.12408256, z: 0.5263342}
  m_LocalScale: {x: 1, y: 1, z: 1}
  m_ConstrainProportionsScale: 0
  m_Children:
  - {fileID: 1182148905}
  - {fileID: 418543985}
  - {fileID: 842317603}
  - {fileID: 803466949}
  - {fileID: 285784495}
  m_Father: {fileID: 0}
  m_RootOrder: 18
  m_LocalEulerAnglesHint: {x: 0, y: 0, z: 0}
--- !u!1001 &1733852004
PrefabInstance:
  m_ObjectHideFlags: 0
  serializedVersion: 2
  m_Modification:
    m_TransformParent: {fileID: 0}
    m_Modifications:
    - target: {fileID: 2315051291582170392, guid: bfce8d1bca7f7874e99f7fc5751de345, type: 3}
      propertyPath: m_Name
      value: "\u043F\u043B\u0430\u0442\u0444\u043E\u0440\u043C\u0430_\u0437\u043B\u0430\u0442\u0430
        (4)"
      objectReference: {fileID: 0}
    - target: {fileID: 6858521242325222904, guid: bfce8d1bca7f7874e99f7fc5751de345, type: 3}
      propertyPath: m_RootOrder
      value: 10
      objectReference: {fileID: 0}
    - target: {fileID: 6858521242325222904, guid: bfce8d1bca7f7874e99f7fc5751de345, type: 3}
      propertyPath: m_LocalPosition.x
      value: 0.8934834
      objectReference: {fileID: 0}
    - target: {fileID: 6858521242325222904, guid: bfce8d1bca7f7874e99f7fc5751de345, type: 3}
      propertyPath: m_LocalPosition.y
      value: 2.194413
      objectReference: {fileID: 0}
    - target: {fileID: 6858521242325222904, guid: bfce8d1bca7f7874e99f7fc5751de345, type: 3}
      propertyPath: m_LocalPosition.z
      value: 9.9395275
      objectReference: {fileID: 0}
    - target: {fileID: 6858521242325222904, guid: bfce8d1bca7f7874e99f7fc5751de345, type: 3}
      propertyPath: m_LocalRotation.w
      value: 1
      objectReference: {fileID: 0}
    - target: {fileID: 6858521242325222904, guid: bfce8d1bca7f7874e99f7fc5751de345, type: 3}
      propertyPath: m_LocalRotation.x
      value: -0
      objectReference: {fileID: 0}
    - target: {fileID: 6858521242325222904, guid: bfce8d1bca7f7874e99f7fc5751de345, type: 3}
      propertyPath: m_LocalRotation.y
      value: -0
      objectReference: {fileID: 0}
    - target: {fileID: 6858521242325222904, guid: bfce8d1bca7f7874e99f7fc5751de345, type: 3}
      propertyPath: m_LocalRotation.z
      value: -0
      objectReference: {fileID: 0}
    - target: {fileID: 6858521242325222904, guid: bfce8d1bca7f7874e99f7fc5751de345, type: 3}
      propertyPath: m_LocalEulerAnglesHint.x
      value: 0
      objectReference: {fileID: 0}
    - target: {fileID: 6858521242325222904, guid: bfce8d1bca7f7874e99f7fc5751de345, type: 3}
      propertyPath: m_LocalEulerAnglesHint.y
      value: 0
      objectReference: {fileID: 0}
    - target: {fileID: 6858521242325222904, guid: bfce8d1bca7f7874e99f7fc5751de345, type: 3}
      propertyPath: m_LocalEulerAnglesHint.z
      value: 0
      objectReference: {fileID: 0}
    m_RemovedComponents: []
  m_SourcePrefab: {fileID: 100100000, guid: bfce8d1bca7f7874e99f7fc5751de345, type: 3}
--- !u!1001 &1748942468
PrefabInstance:
  m_ObjectHideFlags: 0
  serializedVersion: 2
  m_Modification:
    m_TransformParent: {fileID: 1628007609}
    m_Modifications:
    - target: {fileID: 1618316797055161521, guid: c7f565823c9561a4cab6a80993b7ebd2, type: 3}
      propertyPath: m_RootOrder
      value: 1
      objectReference: {fileID: 0}
    - target: {fileID: 1618316797055161521, guid: c7f565823c9561a4cab6a80993b7ebd2, type: 3}
      propertyPath: m_LocalPosition.x
      value: -0.57
      objectReference: {fileID: 0}
    - target: {fileID: 1618316797055161521, guid: c7f565823c9561a4cab6a80993b7ebd2, type: 3}
      propertyPath: m_LocalPosition.y
      value: 2.55
      objectReference: {fileID: 0}
    - target: {fileID: 1618316797055161521, guid: c7f565823c9561a4cab6a80993b7ebd2, type: 3}
      propertyPath: m_LocalPosition.z
      value: -0.5263342
      objectReference: {fileID: 0}
    - target: {fileID: 1618316797055161521, guid: c7f565823c9561a4cab6a80993b7ebd2, type: 3}
      propertyPath: m_LocalRotation.w
      value: 1
      objectReference: {fileID: 0}
    - target: {fileID: 1618316797055161521, guid: c7f565823c9561a4cab6a80993b7ebd2, type: 3}
      propertyPath: m_LocalRotation.x
      value: -0
      objectReference: {fileID: 0}
    - target: {fileID: 1618316797055161521, guid: c7f565823c9561a4cab6a80993b7ebd2, type: 3}
      propertyPath: m_LocalRotation.y
      value: -0
      objectReference: {fileID: 0}
    - target: {fileID: 1618316797055161521, guid: c7f565823c9561a4cab6a80993b7ebd2, type: 3}
      propertyPath: m_LocalRotation.z
      value: -0
      objectReference: {fileID: 0}
    - target: {fileID: 1618316797055161521, guid: c7f565823c9561a4cab6a80993b7ebd2, type: 3}
      propertyPath: m_LocalEulerAnglesHint.x
      value: 0
      objectReference: {fileID: 0}
    - target: {fileID: 1618316797055161521, guid: c7f565823c9561a4cab6a80993b7ebd2, type: 3}
      propertyPath: m_LocalEulerAnglesHint.y
      value: 0
      objectReference: {fileID: 0}
    - target: {fileID: 1618316797055161521, guid: c7f565823c9561a4cab6a80993b7ebd2, type: 3}
      propertyPath: m_LocalEulerAnglesHint.z
      value: 0
      objectReference: {fileID: 0}
    - target: {fileID: 3979296753084084493, guid: c7f565823c9561a4cab6a80993b7ebd2, type: 3}
      propertyPath: m_Name
      value: coin (1)
      objectReference: {fileID: 0}
    m_RemovedComponents: []
  m_SourcePrefab: {fileID: 100100000, guid: c7f565823c9561a4cab6a80993b7ebd2, type: 3}
--- !u!1001 &1762356572
PrefabInstance:
  m_ObjectHideFlags: 0
  serializedVersion: 2
  m_Modification:
    m_TransformParent: {fileID: 0}
    m_Modifications:
    - target: {fileID: 2315051291582170392, guid: bfce8d1bca7f7874e99f7fc5751de345, type: 3}
      propertyPath: m_Name
      value: "\u043F\u043B\u0430\u0442\u0444\u043E\u0440\u043C\u0430_\u0437\u043B\u0430\u0442\u0430
        (1)"
      objectReference: {fileID: 0}
    - target: {fileID: 6858521242325222904, guid: bfce8d1bca7f7874e99f7fc5751de345, type: 3}
      propertyPath: m_RootOrder
      value: 13
      objectReference: {fileID: 0}
    - target: {fileID: 6858521242325222904, guid: bfce8d1bca7f7874e99f7fc5751de345, type: 3}
      propertyPath: m_LocalPosition.x
      value: -6.511861
      objectReference: {fileID: 0}
    - target: {fileID: 6858521242325222904, guid: bfce8d1bca7f7874e99f7fc5751de345, type: 3}
      propertyPath: m_LocalPosition.y
      value: -1.7667189
      objectReference: {fileID: 0}
    - target: {fileID: 6858521242325222904, guid: bfce8d1bca7f7874e99f7fc5751de345, type: 3}
      propertyPath: m_LocalPosition.z
      value: 9.9395275
      objectReference: {fileID: 0}
    - target: {fileID: 6858521242325222904, guid: bfce8d1bca7f7874e99f7fc5751de345, type: 3}
      propertyPath: m_LocalRotation.w
      value: 1
      objectReference: {fileID: 0}
    - target: {fileID: 6858521242325222904, guid: bfce8d1bca7f7874e99f7fc5751de345, type: 3}
      propertyPath: m_LocalRotation.x
      value: -0
      objectReference: {fileID: 0}
    - target: {fileID: 6858521242325222904, guid: bfce8d1bca7f7874e99f7fc5751de345, type: 3}
      propertyPath: m_LocalRotation.y
      value: -0
      objectReference: {fileID: 0}
    - target: {fileID: 6858521242325222904, guid: bfce8d1bca7f7874e99f7fc5751de345, type: 3}
      propertyPath: m_LocalRotation.z
      value: -0
      objectReference: {fileID: 0}
    - target: {fileID: 6858521242325222904, guid: bfce8d1bca7f7874e99f7fc5751de345, type: 3}
      propertyPath: m_LocalEulerAnglesHint.x
      value: 0
      objectReference: {fileID: 0}
    - target: {fileID: 6858521242325222904, guid: bfce8d1bca7f7874e99f7fc5751de345, type: 3}
      propertyPath: m_LocalEulerAnglesHint.y
      value: 0
      objectReference: {fileID: 0}
    - target: {fileID: 6858521242325222904, guid: bfce8d1bca7f7874e99f7fc5751de345, type: 3}
      propertyPath: m_LocalEulerAnglesHint.z
      value: 0
      objectReference: {fileID: 0}
    m_RemovedComponents: []
  m_SourcePrefab: {fileID: 100100000, guid: bfce8d1bca7f7874e99f7fc5751de345, type: 3}
--- !u!1 &2004607198
GameObject:
  m_ObjectHideFlags: 0
  m_CorrespondingSourceObject: {fileID: 0}
  m_PrefabInstance: {fileID: 0}
  m_PrefabAsset: {fileID: 0}
  serializedVersion: 6
  m_Component:
  - component: {fileID: 2004607201}
  - component: {fileID: 2004607200}
  - component: {fileID: 2004607199}
  m_Layer: 0
  m_Name: Main Camera
  m_TagString: MainCamera
  m_Icon: {fileID: 0}
  m_NavMeshLayer: 0
  m_StaticEditorFlags: 0
  m_IsActive: 1
--- !u!81 &2004607199
AudioListener:
  m_ObjectHideFlags: 0
  m_CorrespondingSourceObject: {fileID: 0}
  m_PrefabInstance: {fileID: 0}
  m_PrefabAsset: {fileID: 0}
  m_GameObject: {fileID: 2004607198}
  m_Enabled: 1
--- !u!20 &2004607200
Camera:
  m_ObjectHideFlags: 0
  m_CorrespondingSourceObject: {fileID: 0}
  m_PrefabInstance: {fileID: 0}
  m_PrefabAsset: {fileID: 0}
  m_GameObject: {fileID: 2004607198}
  m_Enabled: 1
  serializedVersion: 2
  m_ClearFlags: 1
  m_BackGroundColor: {r: 0.19215687, g: 0.3019608, b: 0.4745098, a: 0}
  m_projectionMatrixMode: 1
  m_GateFitMode: 2
  m_FOVAxisMode: 0
  m_SensorSize: {x: 36, y: 24}
  m_LensShift: {x: 0, y: 0}
  m_FocalLength: 50
  m_NormalizedViewPortRect:
    serializedVersion: 2
    x: 0
    y: 0
    width: 1
    height: 1
  near clip plane: 0.3
  far clip plane: 1000
  field of view: 60
  orthographic: 1
  orthographic size: 5
  m_Depth: -1
  m_CullingMask:
    serializedVersion: 2
    m_Bits: 4294967295
  m_RenderingPath: -1
  m_TargetTexture: {fileID: 0}
  m_TargetDisplay: 0
  m_TargetEye: 3
  m_HDR: 1
  m_AllowMSAA: 1
  m_AllowDynamicResolution: 0
  m_ForceIntoRT: 0
  m_OcclusionCulling: 1
  m_StereoConvergence: 10
  m_StereoSeparation: 0.022
--- !u!4 &2004607201
Transform:
  m_ObjectHideFlags: 0
  m_CorrespondingSourceObject: {fileID: 0}
  m_PrefabInstance: {fileID: 0}
  m_PrefabAsset: {fileID: 0}
  m_GameObject: {fileID: 2004607198}
  m_LocalRotation: {x: 0, y: 0, z: 0, w: 1}
  m_LocalPosition: {x: 0, y: 0, z: -10}
  m_LocalScale: {x: 1, y: 1, z: 1}
  m_ConstrainProportionsScale: 0
  m_Children: []
  m_Father: {fileID: 0}
  m_RootOrder: 0
  m_LocalEulerAnglesHint: {x: 0, y: 0, z: 0}
--- !u!1001 &2027774567
PrefabInstance:
  m_ObjectHideFlags: 0
  serializedVersion: 2
  m_Modification:
    m_TransformParent: {fileID: 0}
    m_Modifications:
    - target: {fileID: 2315051291582170392, guid: bfce8d1bca7f7874e99f7fc5751de345, type: 3}
      propertyPath: m_Name
      value: "\u043F\u043B\u0430\u0442\u0444\u043E\u0440\u043C\u0430_\u0437\u043B\u0430\u0442\u0430
        (7)"
      objectReference: {fileID: 0}
    - target: {fileID: 6858521242325222904, guid: bfce8d1bca7f7874e99f7fc5751de345, type: 3}
      propertyPath: m_RootOrder
      value: 7
      objectReference: {fileID: 0}
    - target: {fileID: 6858521242325222904, guid: bfce8d1bca7f7874e99f7fc5751de345, type: 3}
      propertyPath: m_LocalPosition.x
      value: 1.8914136
      objectReference: {fileID: 0}
    - target: {fileID: 6858521242325222904, guid: bfce8d1bca7f7874e99f7fc5751de345, type: 3}
      propertyPath: m_LocalPosition.y
      value: -4.1028695
      objectReference: {fileID: 0}
    - target: {fileID: 6858521242325222904, guid: bfce8d1bca7f7874e99f7fc5751de345, type: 3}
      propertyPath: m_LocalPosition.z
      value: 9.9395275
      objectReference: {fileID: 0}
    - target: {fileID: 6858521242325222904, guid: bfce8d1bca7f7874e99f7fc5751de345, type: 3}
      propertyPath: m_LocalRotation.w
      value: 1
      objectReference: {fileID: 0}
    - target: {fileID: 6858521242325222904, guid: bfce8d1bca7f7874e99f7fc5751de345, type: 3}
      propertyPath: m_LocalRotation.x
      value: -0
      objectReference: {fileID: 0}
    - target: {fileID: 6858521242325222904, guid: bfce8d1bca7f7874e99f7fc5751de345, type: 3}
      propertyPath: m_LocalRotation.y
      value: -0
      objectReference: {fileID: 0}
    - target: {fileID: 6858521242325222904, guid: bfce8d1bca7f7874e99f7fc5751de345, type: 3}
      propertyPath: m_LocalRotation.z
      value: -0
      objectReference: {fileID: 0}
    - target: {fileID: 6858521242325222904, guid: bfce8d1bca7f7874e99f7fc5751de345, type: 3}
      propertyPath: m_LocalEulerAnglesHint.x
      value: 0
      objectReference: {fileID: 0}
    - target: {fileID: 6858521242325222904, guid: bfce8d1bca7f7874e99f7fc5751de345, type: 3}
      propertyPath: m_LocalEulerAnglesHint.y
      value: 0
      objectReference: {fileID: 0}
    - target: {fileID: 6858521242325222904, guid: bfce8d1bca7f7874e99f7fc5751de345, type: 3}
      propertyPath: m_LocalEulerAnglesHint.z
      value: 0
      objectReference: {fileID: 0}
    m_RemovedComponents: []
  m_SourcePrefab: {fileID: 100100000, guid: bfce8d1bca7f7874e99f7fc5751de345, type: 3}
--- !u!1001 &2052663540
PrefabInstance:
  m_ObjectHideFlags: 0
  serializedVersion: 2
  m_Modification:
    m_TransformParent: {fileID: 0}
    m_Modifications:
    - target: {fileID: 2315051291582170392, guid: bfce8d1bca7f7874e99f7fc5751de345, type: 3}
      propertyPath: m_Name
      value: "\u043F\u043B\u0430\u0442\u0444\u043E\u0440\u043C\u0430_\u0437\u043B\u0430\u0442\u0430
        (12)"
      objectReference: {fileID: 0}
    - target: {fileID: 6858521242325222904, guid: bfce8d1bca7f7874e99f7fc5751de345, type: 3}
      propertyPath: m_RootOrder
      value: 1
      objectReference: {fileID: 0}
    - target: {fileID: 6858521242325222904, guid: bfce8d1bca7f7874e99f7fc5751de345, type: 3}
      propertyPath: m_LocalPosition.x
      value: -4.091823
      objectReference: {fileID: 0}
    - target: {fileID: 6858521242325222904, guid: bfce8d1bca7f7874e99f7fc5751de345, type: 3}
      propertyPath: m_LocalPosition.y
      value: -3.2174652
      objectReference: {fileID: 0}
    - target: {fileID: 6858521242325222904, guid: bfce8d1bca7f7874e99f7fc5751de345, type: 3}
      propertyPath: m_LocalPosition.z
      value: 9.9395275
      objectReference: {fileID: 0}
    - target: {fileID: 6858521242325222904, guid: bfce8d1bca7f7874e99f7fc5751de345, type: 3}
      propertyPath: m_LocalRotation.w
      value: 1
      objectReference: {fileID: 0}
    - target: {fileID: 6858521242325222904, guid: bfce8d1bca7f7874e99f7fc5751de345, type: 3}
      propertyPath: m_LocalRotation.x
      value: -0
      objectReference: {fileID: 0}
    - target: {fileID: 6858521242325222904, guid: bfce8d1bca7f7874e99f7fc5751de345, type: 3}
      propertyPath: m_LocalRotation.y
      value: -0
      objectReference: {fileID: 0}
    - target: {fileID: 6858521242325222904, guid: bfce8d1bca7f7874e99f7fc5751de345, type: 3}
      propertyPath: m_LocalRotation.z
      value: -0
      objectReference: {fileID: 0}
    - target: {fileID: 6858521242325222904, guid: bfce8d1bca7f7874e99f7fc5751de345, type: 3}
      propertyPath: m_LocalEulerAnglesHint.x
      value: 0
      objectReference: {fileID: 0}
    - target: {fileID: 6858521242325222904, guid: bfce8d1bca7f7874e99f7fc5751de345, type: 3}
      propertyPath: m_LocalEulerAnglesHint.y
      value: 0
      objectReference: {fileID: 0}
    - target: {fileID: 6858521242325222904, guid: bfce8d1bca7f7874e99f7fc5751de345, type: 3}
      propertyPath: m_LocalEulerAnglesHint.z
      value: 0
      objectReference: {fileID: 0}
    m_RemovedComponents: []
  m_SourcePrefab: {fileID: 100100000, guid: bfce8d1bca7f7874e99f7fc5751de345, type: 3}
--- !u!1001 &951990919719135913
PrefabInstance:
  m_ObjectHideFlags: 0
  serializedVersion: 2
  m_Modification:
    m_TransformParent: {fileID: 1628007609}
    m_Modifications:
    - target: {fileID: 1618316797055161521, guid: c7f565823c9561a4cab6a80993b7ebd2, type: 3}
      propertyPath: m_RootOrder
      value: 0
      objectReference: {fileID: 0}
    - target: {fileID: 1618316797055161521, guid: c7f565823c9561a4cab6a80993b7ebd2, type: 3}
      propertyPath: m_LocalPosition.x
      value: -9.94846
      objectReference: {fileID: 0}
    - target: {fileID: 1618316797055161521, guid: c7f565823c9561a4cab6a80993b7ebd2, type: 3}
      propertyPath: m_LocalPosition.y
      value: 3.3259175
      objectReference: {fileID: 0}
    - target: {fileID: 1618316797055161521, guid: c7f565823c9561a4cab6a80993b7ebd2, type: 3}
      propertyPath: m_LocalPosition.z
      value: -0.5263342
      objectReference: {fileID: 0}
    - target: {fileID: 1618316797055161521, guid: c7f565823c9561a4cab6a80993b7ebd2, type: 3}
      propertyPath: m_LocalRotation.w
      value: 1
      objectReference: {fileID: 0}
    - target: {fileID: 1618316797055161521, guid: c7f565823c9561a4cab6a80993b7ebd2, type: 3}
      propertyPath: m_LocalRotation.x
      value: -0
      objectReference: {fileID: 0}
    - target: {fileID: 1618316797055161521, guid: c7f565823c9561a4cab6a80993b7ebd2, type: 3}
      propertyPath: m_LocalRotation.y
      value: -0
      objectReference: {fileID: 0}
    - target: {fileID: 1618316797055161521, guid: c7f565823c9561a4cab6a80993b7ebd2, type: 3}
      propertyPath: m_LocalRotation.z
      value: -0
      objectReference: {fileID: 0}
    - target: {fileID: 1618316797055161521, guid: c7f565823c9561a4cab6a80993b7ebd2, type: 3}
      propertyPath: m_LocalEulerAnglesHint.x
      value: 0
      objectReference: {fileID: 0}
    - target: {fileID: 1618316797055161521, guid: c7f565823c9561a4cab6a80993b7ebd2, type: 3}
      propertyPath: m_LocalEulerAnglesHint.y
      value: 0
      objectReference: {fileID: 0}
    - target: {fileID: 1618316797055161521, guid: c7f565823c9561a4cab6a80993b7ebd2, type: 3}
      propertyPath: m_LocalEulerAnglesHint.z
      value: 0
      objectReference: {fileID: 0}
    - target: {fileID: 3979296753084084493, guid: c7f565823c9561a4cab6a80993b7ebd2, type: 3}
      propertyPath: m_Name
      value: coin
      objectReference: {fileID: 0}
    m_RemovedComponents: []
  m_SourcePrefab: {fileID: 100100000, guid: c7f565823c9561a4cab6a80993b7ebd2, type: 3}
